@article {Wardrop_etal_2018,
	author = {Wardrop, N. A. and Jochem, W. C. and Bird, T. J. and Chamberlain, H. R. and Clarke, D. and Kerr, D. and Bengtsson, L. and Juran, S. and Seaman, V. and Tatem, A. J.},
	title = {Spatially disaggregated population estimates in the absence of national population and housing census data},
	volume = {115},
	number = {14},
	pages = {3529--3537},
	year = {2018},
	doi = {10.1073/pnas.1715305115},
	publisher = {National Academy of Sciences},
    issn = {0027-8424},
	URL = {https://www.pnas.org/content/115/14/3529},
	eprint = {https://www.pnas.org/content/115/14/3529.full.pdf},
	journal = {Proceedings of the National Academy of Sciences}
}
