@article{,
author={},
title={},
year={},
journal={},
volume={},
issue={},
publisher={},
doi={},
note={}}

@book{,
author={},
title={},
year={},
publisher={},
address={},
doi={},
url={}}


@manual{boo2020bottomup,
author={WorldPop},
title={{Bottom-up gridded population estimates for the Kinshasa, Kongo-Central, Kwango, Kwilu, and Mai-Ndombe provinces in the Democratic Republic of the Congo, version 1.0.}},
year={2020},
publisher={WorldPop, University of Southampton.},
doi={10.5258/SOTON/WP00658}}

@manual{boo2020modelled,
author={Boo, G and Darin, E and Leasure, DR and Dooley, CA and Chamberlain, HR and Lazar, AN and Tatem, AJ.},
title={{Modelled gridded population estimates for the Kinshasa, Kongo-Central, Kwango, Kwilu, and Mai-Ndombe provinces in the Democratic Republic of the Congo 2018, version 2.0.}},
year={2020},
publisher={WorldPop, University of Southampton.},
doi={10.5258/SOTON/WP00669}}

@Article{denwood2016runjags,
    title = {{runjags}: An {R} Package Providing Interface Utilities, Model Templates, Parallel Computing Methods and Additional Distributions for {MCMC} Models in {JAGS}},
    author = {Matthew J. Denwood},
    journal = {Journal of Statistical Software},
    year = {2016},
    volume = {71},
    number = {9},
    pages = {1--25},
    doi = {10.18637/jss.v071.i09},
  }

@manual{dooley2020bottomup,
author={WorldPop},
title={{Bottom-up gridded population estimates for Zambia, version 1.0.}},
year={2020},
publisher={WorldPop, University of Southampton.},
doi={10.5258/SOTON/WP00662}}

@manual{dooley2020gridded,
  title={{Gridded maps of building patterns throughout sub-Saharan Africa, version 1.1.}},
  author={Dooley, Claire A and Boo, Gianluca and Leasure, Douglas R and Tatem, Andrew J},
  year={2020},
  publisher={WorldPop, University of Southampton},
  doi={10.5258/SOTON/WP00677},
  note={Source of building footprints: Ecopia Vector Maps Powered by Maxar Satellite Imagery (C)}}

@article{ecopia2020digitize,
  title={Digitize Africa data},
  author={Ecopia.AI and {Maxar Technologies, Inc.}},
  url={http://digitizeafrica.ai/},
  year={2019-2021}
}

@article{leasure2020national,
  title={{National population mapping from sparse survey data: A hierarchical Bayesian modeling framework to account for uncertainty}},
  author={Leasure, Douglas R and Jochem, Warren C and Weber, Eric M and Seaman, Vincent and Tatem, Andrew J},
  journal={Proceedings of the National Academy of Sciences},
  year={2020},
  volume={117},
  issue={39},
  pages={24173--24179},
  doi={10.1073/pnas.1913050117},
  publisher={National Acad Sciences}
}

@inproceedings{plummer2003jags,
  title={JAGS: A program for analysis of Bayesian graphical models using Gibbs sampling},
  author={Plummer, Martyn and others},
  booktitle={Proceedings of the 3rd international workshop on distributed statistical computing},
  volume={124},
  number={125.10},
  pages={1--10},
  year={2003},
  organization={Vienna, Austria.},
  url={http://mcmc-jags.sourceforge.net/}
}

@book{r2020r,
author={{R Core Team}},
title={{R: A language and environment for statistical computing}},
year={2020},
publisher={R Foundation for Statistical Computing},
address={Vienna, Austria},
url={https://www.R-project.org/}}

@book{stan2019stan,
author={{Stan Development Team}},
title={{Stan User's Guide}},
year={2019},
url={https://mc-stan.org/docs/2_23/stan-users-guide}}

@book{stan2020rstan,
author={{Stan Development Team}},
title={{RStan: the R interface to Stan. R package version 2.19.3.}},
year={2020},
url={http://mc-stan.org/}}

@article{stevens2015disaggregating,
  title={Disaggregating census data for population mapping using random forests with remotely-sensed and ancillary data},
  author={Stevens, Forrest R and Gaughan, Andrea E and Linard, Catherine and Tatem, Andrew J},
  journal={PloS one},
  volume={10},
  number={2},
  pages={e0107042},
  year={2015},
  publisher={Public Library of Science}
}

@article {wardrop2018spatially,
	author = {Wardrop, N. A. and Jochem, W. C. and Bird, T. J. and Chamberlain, H. R. and Clarke, D. and Kerr, D. and Bengtsson, L. and Juran, S. and Seaman, V. and Tatem, A. J.},
	title = {Spatially disaggregated population estimates in the absence of national population and housing census data},
	volume = {115},
	number = {14},
	pages = {3529--3537},
	year = {2018},
	doi = {10.1073/pnas.1715305115},
	publisher = {National Academy of Sciences},
    issn = {0027-8424},
	URL = "\url{https://www.pnas.org/content/115/14/3529}",
	eprint = "\url{https://www.pnas.org/content/115/14/3529.full.pdf}",
	journal = "\url{Proceedings of the National Academy of Sciences}"
}
